%YAML 1.1
%TAG !u! tag:unity3d.com,2011:
--- !u!64 &4703810626060981084
MeshCollider:
  m_ObjectHideFlags: 0
  m_CorrespondingSourceObject: {fileID: 0}
  m_PrefabInstance: {fileID: 0}
  m_PrefabAsset: {fileID: 0}
  m_GameObject: {fileID: 2088885131840348561}
  m_Material: {fileID: 0}
  m_IsTrigger: 0
  m_Enabled: 1
  serializedVersion: 4
  m_Convex: 1
  m_CookingOptions: 30
  m_Mesh: {fileID: -6170328745499336439, guid: d005ccfcc38366340a4d5f2cbfb27689, type: 3}
--- !u!64 &4703810626060981085
MeshCollider:
  m_ObjectHideFlags: 0
  m_CorrespondingSourceObject: {fileID: 0}
  m_PrefabInstance: {fileID: 0}
  m_PrefabAsset: {fileID: 0}
  m_GameObject: {fileID: 4112708010501728652}
  m_Material: {fileID: 0}
  m_IsTrigger: 0
  m_Enabled: 1
  serializedVersion: 4
  m_Convex: 1
  m_CookingOptions: 30
  m_Mesh: {fileID: -6170328745499336439, guid: d005ccfcc38366340a4d5f2cbfb27689, type: 3}
--- !u!1 &4703810626187290701
GameObject:
  m_ObjectHideFlags: 0
  m_CorrespondingSourceObject: {fileID: 0}
  m_PrefabInstance: {fileID: 0}
  m_PrefabAsset: {fileID: 0}
  serializedVersion: 6
  m_Component:
  - component: {fileID: 4703810626187290738}
  - component: {fileID: 4703810626187290736}
  - component: {fileID: 4703810626187290739}
  m_Layer: 10
  m_Name: Obstacle_WindTurbine
  m_TagString: Obstacle
  m_Icon: {fileID: 0}
  m_NavMeshLayer: 0
  m_StaticEditorFlags: 0
  m_IsActive: 1
--- !u!4 &4703810626187290738
Transform:
  m_ObjectHideFlags: 0
  m_CorrespondingSourceObject: {fileID: 0}
  m_PrefabInstance: {fileID: 0}
  m_PrefabAsset: {fileID: 0}
  m_GameObject: {fileID: 4703810626187290701}
  m_LocalRotation: {x: 0, y: 0, z: 0, w: 1}
  m_LocalPosition: {x: 0, y: 49.92, z: 7.4}
  m_LocalScale: {x: 1, y: 1, z: 1}
  m_Children:
  - {fileID: 5102001867835045040}
  m_Father: {fileID: 0}
  m_RootOrder: 0
  m_LocalEulerAnglesHint: {x: 0, y: 0, z: 0}
--- !u!54 &4703810626187290736
Rigidbody:
  m_ObjectHideFlags: 0
  m_CorrespondingSourceObject: {fileID: 0}
  m_PrefabInstance: {fileID: 0}
  m_PrefabAsset: {fileID: 0}
  m_GameObject: {fileID: 4703810626187290701}
  serializedVersion: 2
  m_Mass: 1
  m_Drag: 0
  m_AngularDrag: 0
  m_UseGravity: 0
  m_IsKinematic: 0
  m_Interpolate: 0
  m_Constraints: 14
  m_CollisionDetection: 0
--- !u!114 &4703810626187290739
MonoBehaviour:
  m_ObjectHideFlags: 0
  m_CorrespondingSourceObject: {fileID: 0}
  m_PrefabInstance: {fileID: 0}
  m_PrefabAsset: {fileID: 0}
  m_GameObject: {fileID: 4703810626187290701}
  m_Enabled: 1
  m_EditorHideFlags: 0
  m_Script: {fileID: 11500000, guid: 687566b83d57a8c498185192d98e7806, type: 3}
  m_Name: 
  m_EditorClassIdentifier: 
  speed: 2
  counterClockWise: 0
--- !u!64 &4703810626060981087
MeshCollider:
  m_ObjectHideFlags: 0
  m_CorrespondingSourceObject: {fileID: 0}
  m_PrefabInstance: {fileID: 0}
  m_PrefabAsset: {fileID: 0}
  m_GameObject: {fileID: 5477631835464985632}
  m_Material: {fileID: 0}
  m_IsTrigger: 0
  m_Enabled: 1
  serializedVersion: 4
  m_Convex: 1
  m_CookingOptions: 30
  m_Mesh: {fileID: -6170328745499336439, guid: d005ccfcc38366340a4d5f2cbfb27689, type: 3}
--- !u!1001 &4703810626060981083
PrefabInstance:
  m_ObjectHideFlags: 0
  serializedVersion: 2
  m_Modification:
    m_TransformParent: {fileID: 4703810626187290738}
    m_Modifications:
    - target: {fileID: -8679921383154817045, guid: d005ccfcc38366340a4d5f2cbfb27689, type: 3}
      propertyPath: m_RootOrder
      value: 0
      objectReference: {fileID: 0}
    - target: {fileID: -8679921383154817045, guid: d005ccfcc38366340a4d5f2cbfb27689, type: 3}
      propertyPath: m_LocalPosition.x
      value: 0
      objectReference: {fileID: 0}
    - target: {fileID: -8679921383154817045, guid: d005ccfcc38366340a4d5f2cbfb27689, type: 3}
      propertyPath: m_LocalPosition.y
      value: 0
      objectReference: {fileID: 0}
    - target: {fileID: -8679921383154817045, guid: d005ccfcc38366340a4d5f2cbfb27689, type: 3}
      propertyPath: m_LocalPosition.z
      value: 0
      objectReference: {fileID: 0}
    - target: {fileID: -8679921383154817045, guid: d005ccfcc38366340a4d5f2cbfb27689, type: 3}
      propertyPath: m_LocalRotation.w
      value: 0.7071068
      objectReference: {fileID: 0}
    - target: {fileID: -8679921383154817045, guid: d005ccfcc38366340a4d5f2cbfb27689, type: 3}
      propertyPath: m_LocalRotation.x
      value: -0
      objectReference: {fileID: 0}
    - target: {fileID: -8679921383154817045, guid: d005ccfcc38366340a4d5f2cbfb27689, type: 3}
      propertyPath: m_LocalRotation.y
      value: 0.7071068
      objectReference: {fileID: 0}
    - target: {fileID: -8679921383154817045, guid: d005ccfcc38366340a4d5f2cbfb27689, type: 3}
      propertyPath: m_LocalRotation.z
      value: -0
      objectReference: {fileID: 0}
    - target: {fileID: -8679921383154817045, guid: d005ccfcc38366340a4d5f2cbfb27689, type: 3}
      propertyPath: m_LocalEulerAnglesHint.x
      value: 0
      objectReference: {fileID: 0}
    - target: {fileID: -8679921383154817045, guid: d005ccfcc38366340a4d5f2cbfb27689, type: 3}
      propertyPath: m_LocalEulerAnglesHint.y
      value: 90
      objectReference: {fileID: 0}
    - target: {fileID: -8679921383154817045, guid: d005ccfcc38366340a4d5f2cbfb27689, type: 3}
      propertyPath: m_LocalEulerAnglesHint.z
      value: 0
      objectReference: {fileID: 0}
    - target: {fileID: -552802618325763369, guid: d005ccfcc38366340a4d5f2cbfb27689, type: 3}
      propertyPath: m_Layer
      value: 10
      objectReference: {fileID: 0}
    - target: {fileID: -552802618325763369, guid: d005ccfcc38366340a4d5f2cbfb27689, type: 3}
      propertyPath: m_TagString
      value: Obstacle
      objectReference: {fileID: 0}
    - target: {fileID: 919132149155446097, guid: d005ccfcc38366340a4d5f2cbfb27689, type: 3}
      propertyPath: m_Name
      value: WindTurbine_Mesh
      objectReference: {fileID: 0}
    - target: {fileID: 919132149155446097, guid: d005ccfcc38366340a4d5f2cbfb27689, type: 3}
      propertyPath: m_Layer
      value: 10
      objectReference: {fileID: 0}
    - target: {fileID: 919132149155446097, guid: d005ccfcc38366340a4d5f2cbfb27689, type: 3}
      propertyPath: m_TagString
      value: Obstacle
      objectReference: {fileID: 0}
    - target: {fileID: 955677872839753595, guid: d005ccfcc38366340a4d5f2cbfb27689, type: 3}
      propertyPath: m_Layer
      value: 10
      objectReference: {fileID: 0}
    - target: {fileID: 955677872839753595, guid: d005ccfcc38366340a4d5f2cbfb27689, type: 3}
      propertyPath: m_TagString
      value: Obstacle
      objectReference: {fileID: 0}
    - target: {fileID: 3396913584297481876, guid: d005ccfcc38366340a4d5f2cbfb27689, type: 3}
      propertyPath: m_Layer
      value: 10
      objectReference: {fileID: 0}
    - target: {fileID: 3396913584297481876, guid: d005ccfcc38366340a4d5f2cbfb27689, type: 3}
      propertyPath: m_TagString
      value: Obstacle
      objectReference: {fileID: 0}
    - target: {fileID: 6753850377128571594, guid: d005ccfcc38366340a4d5f2cbfb27689, type: 3}
      propertyPath: m_Layer
      value: 10
      objectReference: {fileID: 0}
    - target: {fileID: 6753850377128571594, guid: d005ccfcc38366340a4d5f2cbfb27689, type: 3}
      propertyPath: m_TagString
      value: Obstacle
      objectReference: {fileID: 0}
    m_RemovedComponents: []
  m_SourcePrefab: {fileID: 100100000, guid: d005ccfcc38366340a4d5f2cbfb27689, type: 3}
--- !u!4 &5102001867835045040 stripped
Transform:
  m_CorrespondingSourceObject: {fileID: -8679921383154817045, guid: d005ccfcc38366340a4d5f2cbfb27689, type: 3}
  m_PrefabInstance: {fileID: 4703810626060981083}
  m_PrefabAsset: {fileID: 0}
--- !u!1 &4112708010501728652 stripped
GameObject:
  m_CorrespondingSourceObject: {fileID: -552802618325763369, guid: d005ccfcc38366340a4d5f2cbfb27689, type: 3}
  m_PrefabInstance: {fileID: 4703810626060981083}
  m_PrefabAsset: {fileID: 0}
--- !u!1 &2088885131840348561 stripped
GameObject:
  m_CorrespondingSourceObject: {fileID: 6753850377128571594, guid: d005ccfcc38366340a4d5f2cbfb27689, type: 3}
  m_PrefabInstance: {fileID: 4703810626060981083}
  m_PrefabAsset: {fileID: 0}
--- !u!1 &5477631835464985632 stripped
GameObject:
  m_CorrespondingSourceObject: {fileID: 955677872839753595, guid: d005ccfcc38366340a4d5f2cbfb27689, type: 3}
  m_PrefabInstance: {fileID: 4703810626060981083}
  m_PrefabAsset: {fileID: 0}
