%YAML 1.1
%TAG !u! tag:unity3d.com,2011:
--- !u!1 &307308771143765417
GameObject:
  m_ObjectHideFlags: 0
  m_CorrespondingSourceObject: {fileID: 0}
  m_PrefabInstance: {fileID: 0}
  m_PrefabAsset: {fileID: 0}
  serializedVersion: 6
  m_Component:
  - component: {fileID: 1461568906275380982}
  m_Layer: 0
  m_Name: LandingIndicator
  m_TagString: Untagged
  m_Icon: {fileID: 0}
  m_NavMeshLayer: 0
  m_StaticEditorFlags: 0
  m_IsActive: 1
--- !u!4 &1461568906275380982
Transform:
  m_ObjectHideFlags: 0
  m_CorrespondingSourceObject: {fileID: 0}
  m_PrefabInstance: {fileID: 0}
  m_PrefabAsset: {fileID: 0}
  m_GameObject: {fileID: 307308771143765417}
  m_LocalRotation: {x: 0, y: 0, z: 0, w: 1}
  m_LocalPosition: {x: 0, y: 0, z: 0}
  m_LocalScale: {x: 1, y: 1, z: 1}
  m_Children:
  - {fileID: 4520578929509004074}
  - {fileID: 4500296443364691978}
  m_Father: {fileID: 4516572631304378704}
  m_RootOrder: 1
  m_LocalEulerAnglesHint: {x: 0, y: 0, z: 0}
--- !u!1 &1213467512073136449
GameObject:
  m_ObjectHideFlags: 0
  m_CorrespondingSourceObject: {fileID: 0}
  m_PrefabInstance: {fileID: 0}
  m_PrefabAsset: {fileID: 0}
  serializedVersion: 6
  m_Component:
  - component: {fileID: 4500296443364691978}
  m_Layer: 0
  m_Name: LandingIndicator_Line
  m_TagString: Untagged
  m_Icon: {fileID: 0}
  m_NavMeshLayer: 0
  m_StaticEditorFlags: 0
  m_IsActive: 1
--- !u!4 &4500296443364691978
Transform:
  m_ObjectHideFlags: 0
  m_CorrespondingSourceObject: {fileID: 0}
  m_PrefabInstance: {fileID: 0}
  m_PrefabAsset: {fileID: 0}
  m_GameObject: {fileID: 1213467512073136449}
  m_LocalRotation: {x: 1, y: 0, z: 0, w: 0}
  m_LocalPosition: {x: 0, y: 0, z: 0}
  m_LocalScale: {x: 1, y: 1.66, z: 1}
  m_Children:
  - {fileID: 204386791971154649}
  - {fileID: 7172708904712834226}
  m_Father: {fileID: 1461568906275380982}
  m_RootOrder: 1
  m_LocalEulerAnglesHint: {x: 180, y: 0, z: 0}
--- !u!1 &3132578767892874288
GameObject:
  m_ObjectHideFlags: 0
  m_CorrespondingSourceObject: {fileID: 0}
  m_PrefabInstance: {fileID: 0}
  m_PrefabAsset: {fileID: 0}
  serializedVersion: 6
  m_Component:
  - component: {fileID: 4520578929509004074}
  m_Layer: 0
  m_Name: LandingIndicator_Prediction
  m_TagString: Untagged
  m_Icon: {fileID: 0}
  m_NavMeshLayer: 0
  m_StaticEditorFlags: 0
  m_IsActive: 1
--- !u!4 &4520578929509004074
Transform:
  m_ObjectHideFlags: 0
  m_CorrespondingSourceObject: {fileID: 0}
  m_PrefabInstance: {fileID: 0}
  m_PrefabAsset: {fileID: 0}
  m_GameObject: {fileID: 3132578767892874288}
  m_LocalRotation: {x: 0, y: 0, z: 0, w: 1}
  m_LocalPosition: {x: 0, y: 0, z: 0}
  m_LocalScale: {x: 0.3, y: 0.3, z: 0.3}
  m_Children:
  - {fileID: 3570214482672922772}
  m_Father: {fileID: 1461568906275380982}
  m_RootOrder: 0
  m_LocalEulerAnglesHint: {x: 0, y: 0, z: 0}
--- !u!114 &4420548912925049467
MonoBehaviour:
  m_ObjectHideFlags: 0
  m_CorrespondingSourceObject: {fileID: 0}
  m_PrefabInstance: {fileID: 0}
  m_PrefabAsset: {fileID: 0}
  m_GameObject: {fileID: 4516572631304378707}
  m_Enabled: 1
  m_EditorHideFlags: 0
  m_Script: {fileID: 11500000, guid: 50fa47378d7af4145b285970403e7707, type: 3}
  m_Name: 
  m_EditorClassIdentifier: 
  groundLayer:
    serializedVersion: 2
    m_Bits: 384
  colorHasPlatform: {r: 0, g: 1, b: 0, a: 1}
  colorNoPlatform: {r: 1, g: 0, b: 0, a: 1}
  segmentCount: 100
  isSimple: 1
  landingIndicator: {fileID: 1461568906275380982}
  landingIndicatorLine: {fileID: 4500296443364691978}
  meshLandingIndicatorLine: {fileID: 1341241909005717942}
--- !u!1 &7207021809903494133
GameObject:
  m_ObjectHideFlags: 0
  m_CorrespondingSourceObject: {fileID: 0}
  m_PrefabInstance: {fileID: 0}
  m_PrefabAsset: {fileID: 0}
  serializedVersion: 6
  m_Component:
  - component: {fileID: 7172708904712834226}
  - component: {fileID: 2493294535492080024}
  - component: {fileID: 1737123624948803378}
  m_Layer: 0
  m_Name: LandingIndicator_Line
  m_TagString: Untagged
  m_Icon: {fileID: 0}
  m_NavMeshLayer: 0
  m_StaticEditorFlags: 0
  m_IsActive: 0
--- !u!4 &7172708904712834226
Transform:
  m_ObjectHideFlags: 0
  m_CorrespondingSourceObject: {fileID: 0}
  m_PrefabInstance: {fileID: 0}
  m_PrefabAsset: {fileID: 0}
  m_GameObject: {fileID: 7207021809903494133}
  m_LocalRotation: {x: -0, y: -0, z: -0, w: 1}
  m_LocalPosition: {x: 0, y: 0.5, z: 0}
  m_LocalScale: {x: 0.3, y: 0.5, z: 0.3}
  m_Children: []
  m_Father: {fileID: 4500296443364691978}
  m_RootOrder: 1
  m_LocalEulerAnglesHint: {x: 0, y: 0, z: 0}
--- !u!33 &2493294535492080024
MeshFilter:
  m_ObjectHideFlags: 0
  m_CorrespondingSourceObject: {fileID: 0}
  m_PrefabInstance: {fileID: 0}
  m_PrefabAsset: {fileID: 0}
  m_GameObject: {fileID: 7207021809903494133}
  m_Mesh: {fileID: 10206, guid: 0000000000000000e000000000000000, type: 0}
--- !u!23 &1737123624948803378
MeshRenderer:
  m_ObjectHideFlags: 0
  m_CorrespondingSourceObject: {fileID: 0}
  m_PrefabInstance: {fileID: 0}
  m_PrefabAsset: {fileID: 0}
  m_GameObject: {fileID: 7207021809903494133}
  m_Enabled: 1
  m_CastShadows: 0
  m_ReceiveShadows: 1
  m_DynamicOccludee: 1
  m_MotionVectors: 1
  m_LightProbeUsage: 1
  m_ReflectionProbeUsage: 1
  m_RayTracingMode: 2
  m_RayTraceProcedural: 0
  m_RenderingLayerMask: 1
  m_RendererPriority: 0
  m_Materials:
  - {fileID: 2100000, guid: b1c62e0703241374da55c4bbf838abf3, type: 2}
  m_StaticBatchInfo:
    firstSubMesh: 0
    subMeshCount: 0
  m_StaticBatchRoot: {fileID: 0}
  m_ProbeAnchor: {fileID: 0}
  m_LightProbeVolumeOverride: {fileID: 0}
  m_ScaleInLightmap: 1
  m_ReceiveGI: 1
  m_PreserveUVs: 0
  m_IgnoreNormalsForChartDetection: 0
  m_ImportantGI: 0
  m_StitchLightmapSeams: 1
  m_SelectedEditorRenderState: 3
  m_MinimumChartSize: 4
  m_AutoUVMaxDistance: 0.5
  m_AutoUVMaxAngle: 89
  m_LightmapParameters: {fileID: 0}
  m_SortingLayerID: 0
  m_SortingLayer: 0
  m_SortingOrder: 0
  m_AdditionalVertexStreams: {fileID: 0}
--- !u!1 &7748043886125368904
GameObject:
  m_ObjectHideFlags: 0
  m_CorrespondingSourceObject: {fileID: 0}
  m_PrefabInstance: {fileID: 0}
  m_PrefabAsset: {fileID: 0}
  serializedVersion: 6
  m_Component:
  - component: {fileID: 3570214482672922772}
  - component: {fileID: 2617703265353916420}
  - component: {fileID: 4913493925886827699}
  m_Layer: 0
  m_Name: Quad
  m_TagString: Untagged
  m_Icon: {fileID: 0}
  m_NavMeshLayer: 0
  m_StaticEditorFlags: 0
  m_IsActive: 1
--- !u!4 &3570214482672922772
Transform:
  m_ObjectHideFlags: 0
  m_CorrespondingSourceObject: {fileID: 0}
  m_PrefabInstance: {fileID: 0}
  m_PrefabAsset: {fileID: 0}
  m_GameObject: {fileID: 7748043886125368904}
  m_LocalRotation: {x: 0.7071068, y: 0, z: 0, w: 0.7071068}
  m_LocalPosition: {x: 0, y: 0, z: 0}
  m_LocalScale: {x: 1, y: 1, z: 1}
  m_Children: []
  m_Father: {fileID: 4520578929509004074}
  m_RootOrder: 0
  m_LocalEulerAnglesHint: {x: 90, y: 0, z: 0}
--- !u!33 &2617703265353916420
MeshFilter:
  m_ObjectHideFlags: 0
  m_CorrespondingSourceObject: {fileID: 0}
  m_PrefabInstance: {fileID: 0}
  m_PrefabAsset: {fileID: 0}
  m_GameObject: {fileID: 7748043886125368904}
  m_Mesh: {fileID: 10210, guid: 0000000000000000e000000000000000, type: 0}
--- !u!23 &4913493925886827699
MeshRenderer:
  m_ObjectHideFlags: 0
  m_CorrespondingSourceObject: {fileID: 0}
  m_PrefabInstance: {fileID: 0}
  m_PrefabAsset: {fileID: 0}
  m_GameObject: {fileID: 7748043886125368904}
  m_Enabled: 1
  m_CastShadows: 1
  m_ReceiveShadows: 1
  m_DynamicOccludee: 1
  m_MotionVectors: 1
  m_LightProbeUsage: 1
  m_ReflectionProbeUsage: 1
  m_RayTracingMode: 2
  m_RayTraceProcedural: 0
  m_RenderingLayerMask: 1
  m_RendererPriority: 0
  m_Materials:
  - {fileID: 2100000, guid: 7581dc03146ad134ca6c7047f1a6f5f9, type: 2}
  m_StaticBatchInfo:
    firstSubMesh: 0
    subMeshCount: 0
  m_StaticBatchRoot: {fileID: 0}
  m_ProbeAnchor: {fileID: 0}
  m_LightProbeVolumeOverride: {fileID: 0}
  m_ScaleInLightmap: 1
  m_ReceiveGI: 1
  m_PreserveUVs: 0
  m_IgnoreNormalsForChartDetection: 0
  m_ImportantGI: 0
  m_StitchLightmapSeams: 1
  m_SelectedEditorRenderState: 3
  m_MinimumChartSize: 4
  m_AutoUVMaxDistance: 0.5
  m_AutoUVMaxAngle: 89
  m_LightmapParameters: {fileID: 0}
  m_SortingLayerID: 0
  m_SortingLayer: 0
  m_SortingOrder: 0
  m_AdditionalVertexStreams: {fileID: 0}
--- !u!1001 &386352757327891762
PrefabInstance:
  m_ObjectHideFlags: 0
  serializedVersion: 2
  m_Modification:
    m_TransformParent: {fileID: 4500296443364691978}
    m_Modifications:
    - target: {fileID: -8679921383154817045, guid: 5eb3e3c6a43722d49a4cca6488e8bf1c, type: 3}
      propertyPath: m_RootOrder
      value: 0
      objectReference: {fileID: 0}
    - target: {fileID: -8679921383154817045, guid: 5eb3e3c6a43722d49a4cca6488e8bf1c, type: 3}
      propertyPath: m_LocalScale.x
      value: 0.15
      objectReference: {fileID: 0}
    - target: {fileID: -8679921383154817045, guid: 5eb3e3c6a43722d49a4cca6488e8bf1c, type: 3}
      propertyPath: m_LocalScale.y
      value: 0.15
      objectReference: {fileID: 0}
    - target: {fileID: -8679921383154817045, guid: 5eb3e3c6a43722d49a4cca6488e8bf1c, type: 3}
      propertyPath: m_LocalScale.z
      value: 0.5
      objectReference: {fileID: 0}
    - target: {fileID: -8679921383154817045, guid: 5eb3e3c6a43722d49a4cca6488e8bf1c, type: 3}
      propertyPath: m_LocalPosition.x
      value: 0
      objectReference: {fileID: 0}
    - target: {fileID: -8679921383154817045, guid: 5eb3e3c6a43722d49a4cca6488e8bf1c, type: 3}
      propertyPath: m_LocalPosition.y
      value: 0.5
      objectReference: {fileID: 0}
    - target: {fileID: -8679921383154817045, guid: 5eb3e3c6a43722d49a4cca6488e8bf1c, type: 3}
      propertyPath: m_LocalPosition.z
      value: 0
      objectReference: {fileID: 0}
    - target: {fileID: -8679921383154817045, guid: 5eb3e3c6a43722d49a4cca6488e8bf1c, type: 3}
      propertyPath: m_LocalRotation.w
      value: 0.7071068
      objectReference: {fileID: 0}
    - target: {fileID: -8679921383154817045, guid: 5eb3e3c6a43722d49a4cca6488e8bf1c, type: 3}
      propertyPath: m_LocalRotation.x
      value: -0.7071068
      objectReference: {fileID: 0}
    - target: {fileID: -8679921383154817045, guid: 5eb3e3c6a43722d49a4cca6488e8bf1c, type: 3}
      propertyPath: m_LocalRotation.y
      value: -0
      objectReference: {fileID: 0}
    - target: {fileID: -8679921383154817045, guid: 5eb3e3c6a43722d49a4cca6488e8bf1c, type: 3}
      propertyPath: m_LocalRotation.z
      value: -0
      objectReference: {fileID: 0}
    - target: {fileID: -8679921383154817045, guid: 5eb3e3c6a43722d49a4cca6488e8bf1c, type: 3}
      propertyPath: m_LocalEulerAnglesHint.x
      value: 90
      objectReference: {fileID: 0}
    - target: {fileID: -8679921383154817045, guid: 5eb3e3c6a43722d49a4cca6488e8bf1c, type: 3}
      propertyPath: m_LocalEulerAnglesHint.y
      value: 0
      objectReference: {fileID: 0}
    - target: {fileID: -8679921383154817045, guid: 5eb3e3c6a43722d49a4cca6488e8bf1c, type: 3}
      propertyPath: m_LocalEulerAnglesHint.z
      value: 0
      objectReference: {fileID: 0}
    - target: {fileID: -7511558181221131132, guid: 5eb3e3c6a43722d49a4cca6488e8bf1c, type: 3}
      propertyPath: m_Materials.Array.data[0]
      value: 
      objectReference: {fileID: 2100000, guid: b1c62e0703241374da55c4bbf838abf3, type: 2}
    - target: {fileID: 919132149155446097, guid: 5eb3e3c6a43722d49a4cca6488e8bf1c, type: 3}
      propertyPath: m_Name
      value: GuideLine
      objectReference: {fileID: 0}
    - target: {fileID: 919132149155446097, guid: 5eb3e3c6a43722d49a4cca6488e8bf1c, type: 3}
      propertyPath: m_IsActive
      value: 1
      objectReference: {fileID: 0}
    m_RemovedComponents: []
  m_SourcePrefab: {fileID: 100100000, guid: 5eb3e3c6a43722d49a4cca6488e8bf1c, type: 3}
--- !u!4 &204386791971154649 stripped
Transform:
  m_CorrespondingSourceObject: {fileID: -8679921383154817045, guid: 5eb3e3c6a43722d49a4cca6488e8bf1c, type: 3}
  m_PrefabInstance: {fileID: 386352757327891762}
  m_PrefabAsset: {fileID: 0}
--- !u!23 &1341241909005717942 stripped
MeshRenderer:
  m_CorrespondingSourceObject: {fileID: -7511558181221131132, guid: 5eb3e3c6a43722d49a4cca6488e8bf1c, type: 3}
  m_PrefabInstance: {fileID: 386352757327891762}
  m_PrefabAsset: {fileID: 0}
--- !u!1001 &6519526273588968139
PrefabInstance:
  m_ObjectHideFlags: 0
  serializedVersion: 2
  m_Modification:
    m_TransformParent: {fileID: 0}
    m_Modifications:
    - target: {fileID: 7265454614185419672, guid: 202691576374daa478d1697c5854a46f, type: 3}
      propertyPath: m_Name
      value: Contestant_Player
      objectReference: {fileID: 0}
    - target: {fileID: 7265454614185419675, guid: 202691576374daa478d1697c5854a46f, type: 3}
      propertyPath: m_RootOrder
      value: 0
      objectReference: {fileID: 0}
    - target: {fileID: 7265454614185419675, guid: 202691576374daa478d1697c5854a46f, type: 3}
      propertyPath: m_LocalPosition.x
      value: 0
      objectReference: {fileID: 0}
    - target: {fileID: 7265454614185419675, guid: 202691576374daa478d1697c5854a46f, type: 3}
      propertyPath: m_LocalPosition.y
      value: 1.4
      objectReference: {fileID: 0}
    - target: {fileID: 7265454614185419675, guid: 202691576374daa478d1697c5854a46f, type: 3}
      propertyPath: m_LocalPosition.z
      value: 0
      objectReference: {fileID: 0}
    - target: {fileID: 7265454614185419675, guid: 202691576374daa478d1697c5854a46f, type: 3}
      propertyPath: m_LocalRotation.w
      value: 1
      objectReference: {fileID: 0}
    - target: {fileID: 7265454614185419675, guid: 202691576374daa478d1697c5854a46f, type: 3}
      propertyPath: m_LocalRotation.x
      value: 0
      objectReference: {fileID: 0}
    - target: {fileID: 7265454614185419675, guid: 202691576374daa478d1697c5854a46f, type: 3}
      propertyPath: m_LocalRotation.y
      value: 0
      objectReference: {fileID: 0}
    - target: {fileID: 7265454614185419675, guid: 202691576374daa478d1697c5854a46f, type: 3}
      propertyPath: m_LocalRotation.z
      value: 0
      objectReference: {fileID: 0}
    - target: {fileID: 7265454614185419675, guid: 202691576374daa478d1697c5854a46f, type: 3}
      propertyPath: m_LocalEulerAnglesHint.x
      value: 0
      objectReference: {fileID: 0}
    - target: {fileID: 7265454614185419675, guid: 202691576374daa478d1697c5854a46f, type: 3}
      propertyPath: m_LocalEulerAnglesHint.y
      value: 0
      objectReference: {fileID: 0}
    - target: {fileID: 7265454614185419675, guid: 202691576374daa478d1697c5854a46f, type: 3}
      propertyPath: m_LocalEulerAnglesHint.z
      value: 0
      objectReference: {fileID: 0}
    - target: {fileID: 7265454614185419677, guid: 202691576374daa478d1697c5854a46f, type: 3}
      propertyPath: turnSpeed
      value: 2
      objectReference: {fileID: 0}
    m_RemovedComponents: []
  m_SourcePrefab: {fileID: 100100000, guid: 202691576374daa478d1697c5854a46f, type: 3}
--- !u!1 &4516572631304378707 stripped
GameObject:
  m_CorrespondingSourceObject: {fileID: 7265454614185419672, guid: 202691576374daa478d1697c5854a46f, type: 3}
  m_PrefabInstance: {fileID: 6519526273588968139}
  m_PrefabAsset: {fileID: 0}
--- !u!4 &4516572631304378704 stripped
Transform:
  m_CorrespondingSourceObject: {fileID: 7265454614185419675, guid: 202691576374daa478d1697c5854a46f, type: 3}
  m_PrefabInstance: {fileID: 6519526273588968139}
  m_PrefabAsset: {fileID: 0}
